%%% **************************************
%%% **************************************
%%% *****     PRIMARY REFERENCES     *****
%%% **************************************
%%% **************************************

@techreport{pldi21,
  title={Symbolic Boolean derivatives for efficiently solving extended regular expression constraints},
  author={Stanford, Caleb and Veanes, Margus and Bj{\o}rner, Nikolaj},
  institution={Technical Report MSR-TR-2020-25},
  year={2020},
  organization={Microsoft}
}

@inproceedings{icalp17,
  title={Automata-based stream processing},
  author={Alur, Rajeev and Mamouras, Konstantinos and Stanford, Caleb},
  booktitle={44th International Colloquium on Automata, Languages, and Programming (ICALP 2017)},
  year={2017},
  organization={Schloss Dagstuhl-Leibniz-Zentrum fuer Informatik}
}

@incollection{festschrift18,
  title={Interfaces for stream processing systems},
  author={Alur, Rajeev and Mamouras, Konstantinos and Stanford, Caleb and Tannen, Val},
  booktitle={Principles of Modeling},
  pages={38--60},
  year={2018},
  publisher={Springer}
}

@article{popl19,
  title={Modular quantitative monitoring},
  author={Alur, Rajeev and Mamouras, Konstantinos and Stanford, Caleb},
  journal={Proceedings of the ACM on Programming Languages},
  volume={3},
  number={POPL},
  pages={1--31},
  year={2019},
  publisher={ACM New York, NY, USA}
}

@inproceedings{pldi19,
  title={Data-trace types for distributed stream processing systems},
  author={Mamouras, Konstantinos and Stanford, Caleb and Alur, Rajeev and Ives, Zachary G and Tannen, Val},
  booktitle={Proceedings of the 40th ACM SIGPLAN Conference on Programming Language Design and Implementation},
  pages={670--685},
  year={2019}
}

@article{wpe2,
  title={Geo-Distributed Stream Processing},
  author={Stanford, Caleb},
  journal={University of Pennsylvania Doctoral Written Preliminary Exam (WPE-2), Technical Report},
  year={2020}
}

@article{tcs20,
  title={Streamable regular transductions},
  author={Alur, Rajeev and Fisman, Dana and Mamouras, Konstantinos and Raghothaman, Mukund and Stanford, Caleb},
  journal={Theoretical Computer Science},
  volume={807},
  pages={15--41},
  year={2020},
  publisher={Elsevier}
}

@article{oopsla20,
  title={DiffStream: differential output testing for stream processing programs},
  author={Kallas, Konstantinos and Niksic, Filip and Stanford, Caleb and Alur, Rajeev},
  journal={Proceedings of the ACM on Programming Languages},
  volume={4},
  number={OOPSLA},
  pages={1--29},
  year={2020},
  publisher={ACM New York, NY, USA}
}
